@article{girolami2019statistical,
  author={Girolami, Mark and Gregory, Alastair and Yin, Ge and Cirak, Fehmi},
  title={The Statistical Finite Element Method},
  journal={arXiv preprint arXiv:1905.06391},
  year={2019}
}

@book{lord2014introduction,
  author={Lord, Gabriel J and Powell, Catherine E and Shardlow, Tony},
  title={An introduction to computational stochastic PDEs},
  volume={50},
  year={2014},
  publisher={Cambridge University Press}
}

@book{da2006introduction,
  author={Da Prato, Giuseppe},
  title={An introduction to infinite-dimensional analysis},
  year={2006},
  publisher={Springer Science \& Business Media}
}

@article{stuart2010inverse,
  author={Stuart, Andrew M},
  title={Inverse problems: a Bayesian perspective},
  journal={Acta numerica},
  volume={19},
  pages={451--559},
  year={2010},
  publisher={Cambridge University Press}
}

@inproceedings{lunardi2015infinite,
  author={Lunardi, Alessandra and Miranda, Michele and Pallara, Diego},
  title={Infinite dimensional analysis},
  booktitle={19th Internet Seminar},
  volume={2016},
  year={2015}
}

@article{conrad2017statistical,
  author={Conrad, Patrick R and Girolami, Mark and S{\"a}rkk{\"a}, Simo and Stuart, Andrew and Zygalakis, Konstantinos},
  title={Statistical analysis of differential equations: introducing probability measures on numerical solutions},
  journal={Statistics and Computing},
  volume={27},
  number={4},
  pages={1065--1082},
  year={2017},
  publisher={Springer}
}

@article{owhadi2015conditioning,
  author={Owhadi, Houman and Scovel, Clint},
  title={Conditioning Gaussian measure on Hilbert space},
  journal={arXiv preprint arXiv:1506.04208},
  year={2015}
}

@article{masarotto2019procrustes,
  author={Masarotto, Valentina and Panaretos, Victor M and Zemel, Yoav},
  title={Procrustes metrics on covariance operators and optimal transportation of Gaussian processes},
  journal={Sankhya A},
  volume={81},
  number={1},
  pages={172--213},
  year={2019},
  publisher={Springer}
}

@article{cuesta1996lower,
  author={Cuesta-Albertos, JA and Matr{\'a}n-Bea, C and Tuero-Diaz, A},
  title={On lower bounds for the L2-Wasserstein metric in a Hilbert space},
  journal={Journal of Theoretical Probability},
  volume={9},
  number={2},
  pages={263--283},
  year={1996},
  publisher={Springer}
}

@book{larsson2008partial,
  author={Larsson, Stig and Thom{\'e}e, Vidar},
  title={Partial differential equations with numerical methods},
  volume={45},
  year={2008},
  publisher={Springer Science \& Business Media}
}

@article{powers1970free,
  author={Powers, Robert T and St{\o}rmer, Erling},
  title={Free states of the canonical anticommutation relations},
  journal={Communications in Mathematical Physics},
  volume={16},
  number={1},
  pages={1--33},
  year={1970},
  publisher={Springer}
}

@book{gohberg2012basic,
  author={Gohberg, Israel and Goldberg, Seymour and Kaashoek, Marinus},
  title={Basic classes of linear operators},
  year={2012},
  publisher={Birkh{\"a}user}
}

@article{law2015data,
  author={Law, Kody and Stuart, Andrew and Zygalakis, Kostas},
  title={Data assimilation},
  journal={Cham, Switzerland: Springer},
  year={2015},
  publisher={Springer}
}

@article{strang1973analysis,
  author={Strang, Gilbert and Fix, George J},
  title={An analysis of the finite element method},
  year={1973},
  publisher={Prentice-hall},
  journal={Journal of Applied Mathematics and Mechanics}
}

@article{diaconis1988bayesian,
  author={Diaconis, Persi},
  title={Bayesian numerical analysis},
  journal={Statistical decision theory and related topics IV},
  volume={1},
  pages={163--175},
  year={1988},
  publisher={Springer-Verlag New York}
}

@misc{o1992bayesian,
  author={Oâ€™Hagan, A},
  title={Bayesian statistics 4. Some Bayesian numerical analysis},
  year={1992},
  publisher={Cambridge (UK): Oxford University Press}
}

@incollection{skilling1992bayesian,
  author={Skilling, John},
  title={Bayesian solution of ordinary differential equations},
  booktitle={Maximum entropy and Bayesian methods},
  pages={23--37},
  year={1992},
  publisher={Springer}
}

@article{hennig2015probabilistic,
  author={Hennig, Philipp and Osborne, Michael A and Girolami, Mark},
  title={Probabilistic numerics and uncertainty in computations},
  journal={Proceedings of the Royal Society A: Mathematical, Physical and Engineering Sciences},
  volume={471},
  number={2179},
  pages={20150142},
  year={2015},
  publisher={The Royal Society Publishing}
}

@online{probNumericsSite,
    url  = "http://probabilistic-numerics.org/"
}

@article{chkrebtii2016bayesian,
  title={Bayesian solution uncertainty quantification for differential equations},
  author={Chkrebtii, Oksana A and Campbell, David A and Calderhead, Ben and Girolami, Mark A and others},
  journal={Bayesian Analysis},
  volume={11},
  number={4},
  pages={1239--1267},
  year={2016},
  publisher={International Society for Bayesian Analysis}
}

@inproceedings{teymur2016probabilistic,
  title={Probabilistic linear multistep methods},
  author={Teymur, Onur and Zygalakis, Kostas and Calderhead, Ben},
  booktitle={Advances in Neural Information Processing Systems},
  pages={4321--4328},
  year={2016}
}

@article{lie2019strong,
  title={Strong convergence rates of probabilistic integrators for ordinary differential equations},
  author={Lie, Han Cheng and Stuart, AM and Sullivan, TJ},
  journal={Statistics and Computing},
  volume={29},
  number={6},
  pages={1265--1283},
  year={2019},
  publisher={Springer}
}

@article{abdulle2020random,
  title={Random time step probabilistic methods for uncertainty quantification in chaotic and geometric numerical integration},
  author={Abdulle, Assyr and Garegnani, Giacomo},
  journal={Statistics and Computing},
  pages={1--26},
  year={2020},
  publisher={Springer}
}

@inproceedings{teymur2018implicit,
  title={Implicit probabilistic integrators for ODEs},
  author={Teymur, Onur and Lie, Han Cheng and Sullivan, Tim and Calderhead, Ben},
  booktitle={Advances in Neural Information Processing Systems},
  pages={7244--7253},
  year={2018}
}

@inproceedings{schober2014probabilistic,
  title={Probabilistic ODE solvers with Runge-Kutta means},
  author={Schober, Michael and Duvenaud, David K and Hennig, Philipp},
  booktitle={Advances in neural information processing systems},
  pages={739--747},
  year={2014}
}

@article{kersting2016active,
  title={Active uncertainty calibration in Bayesian ODE solvers},
  author={Kersting, Hans and Hennig, Philipp},
  journal={arXiv preprint arXiv:1605.03364},
  year={2016}
}

@article{magnani2017bayesian,
  title={Bayesian filtering for ODEs with bounded derivatives},
  author={Magnani, Emilia and Kersting, Hans and Schober, Michael and Hennig, Philipp},
  journal={arXiv preprint arXiv:1709.08471},
  year={2017}
}

@article{schober2019probabilistic,
  title={A probabilistic model for the numerical solution of initial value problems},
  author={Schober, Michael and S{\"a}rkk{\"a}, Simo and Hennig, Philipp},
  journal={Statistics and Computing},
  volume={29},
  number={1},
  pages={99--122},
  year={2019},
  publisher={Springer}
}

@article{tronarp2019probabilistic,
  title={Probabilistic solutions to ordinary differential equations as nonlinear Bayesian filtering: a new perspective},
  author={Tronarp, Filip and Kersting, Hans and S{\"a}rkk{\"a}, Simo and Hennig, Philipp},
  journal={Statistics and Computing},
  volume={29},
  number={6},
  pages={1297--1315},
  year={2019},
  publisher={Springer}
}

@article{kersting2018convergence,
  title={Convergence rates of Gaussian ODE filters},
  author={Kersting, Hans and Sullivan, TJ and Hennig, Philipp},
  journal={arXiv preprint arXiv:1807.09737},
  year={2018}
}

@INPROCEEDINGS{Rasmussen06gaussianprocesses,
    author = {Carl Edward Rasmussen},
    title = {Gaussian processes for machine learning},
    year = {2006},
    publisher = {MIT Press}
}

@incollection{lifshits2012lectures,
  title={Lectures on Gaussian processes},
  author={Lifshits, Mikhail},
  booktitle={Lectures on Gaussian Processes},
  pages={1--117},
  year={2012},
  publisher={Springer}
}

@book{sullivan2015introduction,
  title={Introduction to uncertainty quantification},
  author={Sullivan, Timothy John},
  volume={63},
  year={2015},
  publisher={Springer}
}

@book{sarkka2013bayesian,
  title={Bayesian filtering and smoothing},
  author={S{\"a}rkk{\"a}, Simo},
  volume={3},
  year={2013},
  publisher={Cambridge University Press}
}

@article{raissi2017machine,
  title={Machine learning of linear differential equations using Gaussian processes},
  author={Raissi, Maziar and Perdikaris, Paris and Karniadakis, George Em},
  journal={Journal of Computational Physics},
  volume={348},
  pages={683--693},
  year={2017},
  publisher={Elsevier}
}

@article{bieri2010sparse,
  title={Sparse tensor discretization of elliptic SPDEs},
  author={Bieri, Marcel and Andreev, Roman and Schwab, Christoph},
  journal={SIAM Journal on Scientific Computing},
  volume={31},
  number={6},
  pages={4281--4304},
  year={2010},
  publisher={SIAM}
}

@article{cockayne2016probabilistic,
  title={Probabilistic numerical methods for partial differential equations and Bayesian inverse problems},
  author={Cockayne, Jon and Oates, Chris and Sullivan, Tim and Girolami, Mark},
  journal={arXiv preprint arXiv:1605.07811},
  year={2016}
}
