@article{girolami2019statistical,
  title={The Statistical Finite Element Method},
  author={Girolami, Mark and Gregory, Alastair and Yin, Ge and Cirak, Fehmi},
  journal={arXiv preprint arXiv:1905.06391},
  year={2019}
}

@book{lord2014introduction,
  title={An introduction to computational stochastic PDEs},
  author={Lord, Gabriel J and Powell, Catherine E and Shardlow, Tony},
  volume={50},
  year={2014},
  publisher={Cambridge University Press}
}

@book{da2006introduction,
  title={An introduction to infinite-dimensional analysis},
  author={Da Prato, Giuseppe},
  year={2006},
  publisher={Springer Science \& Business Media}
}

@article{stuart2010inverse,
  title={Inverse problems: a Bayesian perspective},
  author={Stuart, Andrew M},
  journal={Acta numerica},
  volume={19},
  pages={451--559},
  year={2010},
  publisher={Cambridge University Press}
}

@inproceedings{lunardi2015infinite,
  title={Infinite dimensional analysis},
  author={Lunardi, Alessandra and Miranda, Michele and Pallara, Diego},
  booktitle={19th Internet Seminar},
  volume={2016},
  year={2015}
}

@article{conrad2017statistical,
  title={Statistical analysis of differential equations: introducing probability measures on numerical solutions},
  author={Conrad, Patrick R and Girolami, Mark and S{\"a}rkk{\"a}, Simo and Stuart, Andrew and Zygalakis, Konstantinos},
  journal={Statistics and Computing},
  volume={27},
  number={4},
  pages={1065--1082},
  year={2017},
  publisher={Springer}
}

@article{owhadi2015conditioning,
  title={Conditioning Gaussian measure on Hilbert space},
  author={Owhadi, Houman and Scovel, Clint},
  journal={arXiv preprint arXiv:1506.04208},
  year={2015}
}

@article{masarotto2019procrustes,
  title={Procrustes metrics on covariance operators and optimal transportation of Gaussian processes},
  author={Masarotto, Valentina and Panaretos, Victor M and Zemel, Yoav},
  journal={Sankhya A},
  volume={81},
  number={1},
  pages={172--213},
  year={2019},
  publisher={Springer}
}

@article{cuesta1996lower,
  title={On lower bounds for the L2-Wasserstein metric in a Hilbert space},
  author={Cuesta-Albertos, JA and Matr{\'a}n-Bea, C and Tuero-Diaz, A},
  journal={Journal of Theoretical Probability},
  volume={9},
  number={2},
  pages={263--283},
  year={1996},
  publisher={Springer}
}

@book{larsson2008partial,
  title={Partial differential equations with numerical methods},
  author={Larsson, Stig and Thom{\'e}e, Vidar},
  volume={45},
  year={2008},
  publisher={Springer Science \& Business Media}
}

@article{powers1970free,
  title={Free states of the canonical anticommutation relations},
  author={Powers, Robert T and St{\o}rmer, Erling},
  journal={Communications in Mathematical Physics},
  volume={16},
  number={1},
  pages={1--33},
  year={1970},
  publisher={Springer}
}
